%%% Ejemplo de diferentes tipos de referencias blibliograficas

@misc{guermazi21,
author = "Ali Guermazi and Chadi Tannoury and Andrew J. Kompel and Akira M. Murakami and Alexis Ducarouge and André Gillibert and Xinning Li and Antoine Tournier and Youmna Lahoud and Mohamed Jarraya and Elise Lacave and Hamza Rahimi and Aloïs Pourchot and Robert L. Parisien and Alexander C. Merritt and Douglas Comeau and Nor-Eddine Regnard and Daichi Hayashi",
howpublished = "Radiological Society of North America",
title = "Improving Radiographic Fracture Recognition Performance and Efficiency Using Artificial Intelligence | Radiology",
month = "December",
year = "2021",
http = "https://pubs.rsna.org/doi/epdf/10.1148/radiol.210937"}

@article{assael22,
author = "Assael, Yannis and Sommerschield, Thea and Shillingford, Brendan and Bordbar, Mahyar and Pavlopoulos, John and Chatzipanagiotou, Marita and Androutsopoulos, Ion and Prag, Jonathan and de Freitas, Nando",
year = "2022",
title = "Restoring and attributing ancient texts using deep neural networks | Nature",
month = "March",
http = "https://rdcu.be/cOACT"
}

@article{arce09,
  title = "Wireless sensor networks for bovine herd monitoring",
  journal = "{Archivos de Zootecnia}",
  author="Arce, A.I.C. AND Tech, A.R.B. AND Silva, A.C.S. AND Costa, E.J.X.",
  ISSN = "0004-0592",
  language = "es",
  URL = "http://scielo.isciii.es/scielo.php?script=sci_arttext&pid=S0004-05922009000200010&nrm=iso",
   volume = "58",
   year = "2009",
   month = "June",
   pages = "253 - 263",
   publisher = "scieloes",
   }